@book{neukirch2013algebraic,
  title={Algebraic number theory},
  author={Neukirch, J{\"u}rgen},
  volume={322},
  year={2013},
  publisher={Springer Science \& Business Media}
}

@article{box2014introduction,
  title={An introduction to Skolemâ€™s p-adic method for solving Diophantine equations},
  author={Box, J},
  journal={Bachelor thesis, Korteweg-de Vries Instituut voor Wiskunde Faculteit der Natuurwetenschappen, Wiskunde en Informatica, Universiteit van Amsterdam},
  year={2014}
}

@book{mordell1969diophantine,
  title={Diophantine Equations: Diophantine Equations},
  author={Mordell, Louis Joel},
  volume={30},
  year={1969},
  publisher={Academic press}
}

@book{gouvea1997p,
  title={p-adic Numbers},
  author={Gouv{\^e}a, Fernando Q and Gouv{\^e}a, Fernando Q},
  year={1997},
  publisher={Springer}
}