@book{axler2024linear,
  title={Linear algebra done right},
  author={Axler, Sheldon},
  year={2024},
  publisher={Springer Nature}
}

@book{stein2011fourier,
  title={Fourier analysis: an introduction},
  author={Stein, Elias M and Shakarchi, Rami},
  volume={1},
  year={2011},
  publisher={Princeton University Press}
}